<?xml version="1.0" encoding="UTF-8"?>
<collection xmlns:xsi="http://www.w3.org/2001/XMLSchema-instance" xsi:schemaLocation="http://www.loc.gov/MARC21/slim http://www.loc.gov/standards/marcxml/schema/MARC21slim.xsd" xmlns="http://www.loc.gov/MARC21/slim">
<record>
  <leader>00493cam a22001813  4500</leader>
  <controlfield tag="001">5310233</controlfield>
  <controlfield tag="003">NNC</controlfield>
  <controlfield tag="005">20160623144111.0</controlfield>
  <controlfield tag="008">050511m19699999iq            000 0 ara d</controlfield>
  <datafield tag="035" ind1=" " ind2=" ">
    <subfield code="a">(OCoLC)60490837</subfield>
  </datafield>
  <datafield tag="035" ind1=" " ind2=" ">
    <subfield code="a">(OCoLC)ocm60490837</subfield>
  </datafield>
  <datafield tag="035" ind1=" " ind2=" ">
    <subfield code="a">(NNC)5310233</subfield>
  </datafield>
  <datafield tag="040" ind1=" " ind2=" ">
    <subfield code="a">NNC</subfield>
    <subfield code="c">NNC</subfield>
  </datafield>
  <datafield tag="100" ind1="1" ind2=" ">
    <subfield code="a">Ṭabaqjalī, Nizār.</subfield>
  </datafield>
  <datafield tag="245" ind1="1" ind2="3">
    <subfield code="a">al-Wajīz fī al-fiqr al-siyāsī.</subfield>
  </datafield>
  <datafield tag="260" ind1=" " ind2=" ">
    <subfield code="a">Baghdād :</subfield>
    <subfield code="b">Shirkat al-Tabʻ wa-al-Nashr al-Ahlīyah,</subfield>
    <subfield code="c">1969-</subfield>
  </datafield>
  <datafield tag="300" ind1=" " ind2=" ">
    <subfield code="a">v.</subfield>
    <subfield code="c">24 cm.</subfield>
  </datafield>
  <datafield tag="955" ind1=" " ind2=" ">
    <subfield code="b">0045343179</subfield>
    <subfield code="d">leh</subfield>
    <subfield code="e">JA63 .T32</subfield>
  </datafield>
</record>
</collection>